<record><leader>00000cas a2200000 a 4500</leader><controlfield tag="001">11172842</controlfield><controlfield tag="008">840919d18651867ksuwr ne      0   a0eng d</controlfield><datafield ind1=" " ind2=" " tag="010"><subfield code="a">sn 84029559 </subfield></datafield><datafield ind1=" " ind2=" " tag="040"><subfield code="a">KSH</subfield><subfield code="b">eng</subfield><subfield code="c">KSH</subfield><subfield code="d">NPT</subfield><subfield code="d">MGN</subfield><subfield code="d">OCL</subfield><subfield code="d">OCLCQ</subfield></datafield><datafield ind1=" " ind2=" " tag="042"><subfield code="a">msc</subfield></datafield><datafield ind1="0" ind2=" " tag="130"><subfield code="a">Kansas new era (Lecompton, Kan.)</subfield></datafield><datafield ind1="1" ind2="4" tag="245"><subfield code="a">The Kansas new era.</subfield></datafield><datafield ind1=" " ind2=" " tag="260"><subfield code="a">Lecompton, Kan. :</subfield><subfield code="b">S. &amp; J.N. Weaver,</subfield><subfield code="c">-1867.</subfield></datafield><datafield ind1=" " ind2=" " tag="300"><subfield code="a">v. ;</subfield><subfield code="c">58 cm.</subfield></datafield><datafield ind1=" " ind2=" " tag="310"><subfield code="a">Weekly</subfield></datafield><datafield ind1="1" ind2=" " tag="362"><subfield code="a">Began in 1865.</subfield></datafield><datafield ind1="0" ind2=" " tag="362"><subfield code="a">-v. 2, no. 35 (May 7, 1867) = -whole no. 82.</subfield></datafield><datafield ind1=" " ind2=" " tag="500"><subfield code="a">Published by S. Weaver, Dec. 17, 1866-May 7, 1867.</subfield></datafield><datafield ind1=" " ind2=" " tag="500"><subfield code="a">"Radical Unionism without equivocation" Sept. 4, 1866-</subfield></datafield><datafield ind1=" " ind2=" " tag="515"><subfield code="a">Numbering is irregular; vol. 2, no. 36 not published.</subfield></datafield><datafield ind1=" " ind2=" " tag="588"><subfield code="a">Description based on: Vol. 2, no. 1 (Aug. 28, 1866).</subfield></datafield><datafield ind1=" " ind2=" " tag="752"><subfield code="a">United States</subfield><subfield code="b">Kansas</subfield><subfield code="c">Douglas</subfield><subfield code="d">Lecompton.</subfield></datafield><datafield ind1="0" ind2="0" tag="785"><subfield code="t">Kansas weekly new era</subfield><subfield code="w">(DLC)sn 85029070</subfield></datafield><datafield ind1="1" ind2=" " tag="029"><subfield code="a">AU@</subfield><subfield code="b">000020338634</subfield></datafield></record>